@Article{Barrett:00,
  author    = {Chris Barrett and Riko Jacob and Madhav Marathe},
  title     = {Formal-Language-Constrained Path Problems},
  journal   = {{SIAM} Journal on Computing},
  year      = {2000},
  volume    = {30},
  number    = {3},
  pages     = {809--837},
  month     = {jan},
  doi       = {10.1137/S0097539798337716},
  file      = {:/Users/hmortvei/HSM/Bibliography-Archive/formal-language-constrained-routing-marathe-2002.pdf:PDF},
  publisher = {Society for Industrial {\&} Applied Mathematics ({SIAM})},
}
